<record xmlns='http://www.loc.gov/MARC21/slim'><leader>01649cim a22004092u 4500</leader><controlfield tag='001'>3601174</controlfield><controlfield tag='005'>20151214182811.0</controlfield><controlfield tag='007'>ss|lmnjluz|nuu</controlfield><controlfield tag='008'>991101s1984    nyunnn         l    eng d</controlfield><datafield ind1=' ' ind2=' ' tag='035'><subfield code='a'>(NIC)notisASF8239</subfield></datafield><datafield ind1=' ' ind2=' ' tag='035'><subfield code='a'>3601174</subfield></datafield><datafield ind1=' ' ind2=' ' tag='035'><subfield code='a'>(OCoLC)63897173</subfield></datafield><datafield ind1=' ' ind2=' ' tag='040'><subfield code='a'>NIC</subfield><subfield code='c'>NIC</subfield><subfield code='d'>NIC</subfield><subfield code='d'>NIC</subfield></datafield><datafield ind1='1' ind2=' ' tag='100'><subfield code='a'>Greve, Michael S.</subfield></datafield><datafield ind1='1' ind2='0' tag='245'><subfield code='a'>Assessing Reagan&apos;s record:  economic policy</subfield><subfield code='h'>[sound recording]</subfield></datafield><datafield ind1=' ' ind2=' ' tag='260'><subfield code='c'>1984.</subfield></datafield><datafield ind1=' ' ind2=' ' tag='300'><subfield code='a'>1 sound cassette (91 min.) :</subfield><subfield code='b'>analog, mono.</subfield></datafield><datafield ind1=' ' ind2=' ' tag='500'><subfield code='a'>Recorded in Ithaca, NY by Cornell University.</subfield></datafield><datafield ind1=' ' ind2=' ' tag='500'><subfield code='a'>Sponsored by: Asian-American coalition,University Unions Programming Board,Africana Studies and Research Center.</subfield></datafield><datafield ind1=' ' ind2=' ' tag='518'><subfield code='a'>Debate, October 24, 1984.</subfield></datafield><datafield ind1=' ' ind2=' ' tag='520'><subfield code='a'>McAdams points to the weaknesses in Reagan&apos;s economic policy while Greve defends it. Ranney emphasizes social justice concerns while Jachson focuses on the long-term societal effects of Reagan&apos;s policies.</subfield></datafield><datafield ind1=' ' ind2='0' tag='651'><subfield code='a'>United States</subfield><subfield code='x'>Economic policy</subfield><subfield code='y'>1980-</subfield></datafield><datafield ind1=' ' ind2='0' tag='651'><subfield code='a'>United States</subfield><subfield code='x'>Social conditions</subfield><subfield code='y'>1980-</subfield></datafield><datafield ind1='1' ind2='0' tag='610'><subfield code='a'>United States.</subfield><subfield code='b'>President (1981-1989 : Reagan)</subfield></datafield><datafield ind1='1' ind2='0' tag='600'><subfield code='a'>Reagan, Ronald.</subfield></datafield><datafield ind1='1' ind2='7' tag='600'><subfield code='a'>Reagan, Ronald</subfield><subfield code='2'>fast</subfield><subfield code='0'>(OCoLC)fst00036392</subfield></datafield><datafield ind1=' ' ind2='7' tag='648'><subfield code='a'>Since 1980</subfield><subfield code='2'>fast</subfield></datafield><datafield ind1=' ' ind2='7' tag='650'><subfield code='a'>Economic policy</subfield><subfield code='2'>fast</subfield><subfield code='0'>(OCoLC)fst00902025</subfield></datafield><datafield ind1=' ' ind2='7' tag='650'><subfield code='a'>Social history</subfield><subfield code='2'>fast</subfield><subfield code='0'>(OCoLC)fst01122498</subfield></datafield><datafield ind1=' ' ind2='7' tag='651'><subfield code='a'>United States</subfield><subfield code='2'>fast</subfield><subfield code='0'>(OCoLC)fst01204155</subfield></datafield><datafield ind1='1' ind2=' ' tag='700'><subfield code='a'>Ranney, Christine K. </subfield></datafield><datafield ind1='1' ind2=' ' tag='700'><subfield code='a'>McAdams, Alan.</subfield></datafield><datafield ind1='1' ind2=' ' tag='700'><subfield code='a'>Jackson, Steven.</subfield></datafield><datafield ind1=' ' ind2='0' tag='830'><subfield code='a'>Assessing Reagan&apos;s Record.</subfield></datafield><datafield ind1='1' ind2=' ' tag='899'><subfield code='a'>CULectures</subfield></datafield><datafield ind1=' ' ind2=' ' tag='905'><subfield code='a'>20000411120000.0</subfield></datafield><datafield ind1='2' ind2=' ' tag='948'><subfield code='a'>20141221</subfield><subfield code='b'>m</subfield><subfield code='d'>batch</subfield><subfield code='e'>lts</subfield><subfield code='x'>addfast</subfield></datafield></record>